<record><leader>00000cas a22000007a 4500</leader><controlfield tag="001">12273588</controlfield><controlfield tag="008">850717c19299999txusr ne      0   a0eng d</controlfield><datafield ind1=" " ind2=" " tag="010"><subfield code="a">sn 86090493 </subfield></datafield><datafield ind1=" " ind2=" " tag="040"><subfield code="a">SAU</subfield><subfield code="b">eng</subfield><subfield code="c">SAU</subfield><subfield code="d">PPM</subfield><subfield code="d">OCLCQ</subfield><subfield code="d">OCLCF</subfield><subfield code="d">OCLCO</subfield></datafield><datafield ind1=" " ind2=" " tag="042"><subfield code="a">msc</subfield></datafield><datafield ind1="0" ind2="4" tag="245"><subfield code="a">The Lone Star Lutheran.</subfield></datafield><datafield ind1=" " ind2=" " tag="260"><subfield code="a">Seguin, Tex. :</subfield><subfield code="b">Student body of Lutheran College,</subfield><subfield code="c">1929-</subfield></datafield><datafield ind1=" " ind2=" " tag="300"><subfield code="a">v. :</subfield><subfield code="b">ill. ;</subfield><subfield code="c">38 cm.</subfield></datafield><datafield ind1=" " ind2=" " tag="310"><subfield code="a">Semimonthly</subfield></datafield><datafield ind1="0" ind2=" " tag="362"><subfield code="a">Vol. 12, no. 1 (Oct. 28, 1929)-</subfield></datafield><datafield ind1="2" ind2="0" tag="610"><subfield code="a">Texas Lutheran College</subfield><subfield code="v">Periodicals.</subfield></datafield><datafield ind1=" " ind2="0" tag="650"><subfield code="a">Lutheran Church</subfield><subfield code="v">Periodicals.</subfield></datafield><datafield ind1=" " ind2="7" tag="655"><subfield code="a">Periodicals.</subfield><subfield code="2">fast</subfield><subfield code="0">(OCoLC)fst01411641</subfield></datafield><datafield ind1="2" ind2="7" tag="610"><subfield code="a">Texas Lutheran College.</subfield><subfield code="2">fast</subfield><subfield code="0">(OCoLC)fst00647825</subfield></datafield><datafield ind1=" " ind2="7" tag="650"><subfield code="a">Lutheran Church.</subfield><subfield code="2">fast</subfield><subfield code="0">(OCoLC)fst01003996</subfield></datafield><datafield ind1="2" ind2=" " tag="710"><subfield code="a">Texas Lutheran College.</subfield></datafield><datafield ind1=" " ind2=" " tag="752"><subfield code="a">United States</subfield><subfield code="b">Texas</subfield><subfield code="c">Guadalupe</subfield><subfield code="d">Seguin.</subfield></datafield><datafield ind1="0" ind2="0" tag="780"><subfield code="t">Lutheran College bulletin</subfield></datafield></record>